@misc
{   Wikipedia,
    title = {Wikipedia, Ricochet Robots},
    howpublished = {\url{https://fr.wikipedia.org/wiki/Ricochet_Robots/}}
}
@misc
{   WikiAstar,
    title = {Wikipedia, Algorithme A*},
    howpublished = {\url{https://fr.wikipedia.org/wiki/Algorithme_A*}}
}
@misc
{   redblob,
    title = {Introduction to the A* Algorithm},
    author= {Red Blob Games},
    howpublished = {\url{https://www.redblobgames.com/pathfinding/a-star/introduction.html}}
}
@misc
{   Pathfinding,
    title = {Pathfinding: Algorithmes en A*},
    howpublished = {\url{https://www.createursdemondes.fr/2015/03/pathfinding-algorithmes-en-a/}}
}

@misc
{   bfs,
    title = {Algorithme de parcours en largeur},
    howpublished = {\url{https://fr.wikipedia.org/wiki/Algorithme_de_parcours_en_largeur}}
}