@misc
{   Wikipedia,
    title = {Wikipedia, Ricochet Robots},
    howpublished = {\url{https://fr.wikipedia.org/wiki/Ricochet_Robots/}}
}
@misc
{   WikiAstar,
    title = {Wikipedia, Algorithme A*},
    howpublished = {\url{https://fr.wikipedia.org/wiki/Algorithme_A*}}
}
@misc
{   redblob,
    title = {Introduction to the A* Algorithm},
    author= {Red Blob Games},
    howpublished = {\url{https://www.redblobgames.com/pathfinding/a-star/introduction.html}}
}
@misc
{   bfs,
    title = {Algorithme de parcours en largeur},
    howpublished = {\url{https://fr.wikipedia.org/wiki/Algorithme_de_parcours_en_largeur}}
}
@misc
{   heurist,
    title = {A* Algorithm},
    author= {Randycoulman},
    howpublished = {\url{https://speakerdeck.com/randycoulman/solving-ricochet-robots?slide=108}}
}